<record><leader>00000cas a2200000 a 4500</leader><controlfield tag="001">11112009</controlfield><controlfield tag="008">840831d18871905miudr ne      0    0eng c</controlfield><datafield ind1=" " ind2=" " tag="010"><subfield code="a">sn 84031449 </subfield></datafield><datafield ind1=" " ind2=" " tag="040"><subfield code="a">NYG</subfield><subfield code="b">eng</subfield><subfield code="c">NYG</subfield><subfield code="d">NPX</subfield><subfield code="d">NSD</subfield><subfield code="d">MHN</subfield><subfield code="d">OCL</subfield><subfield code="d">OCLCQ</subfield><subfield code="d">OCLCF</subfield><subfield code="d">OCLCO</subfield></datafield><datafield ind1=" " ind2=" " tag="042"><subfield code="a">pcc</subfield></datafield><datafield ind1=" " ind2=" " tag="043"><subfield code="a">n-us-mi</subfield></datafield><datafield ind1="0" ind2=" " tag="130"><subfield code="a">Detroit tribune (Detroit, Mich. : 1887)</subfield></datafield><datafield ind1="1" ind2="4" tag="245"><subfield code="a">The Detroit tribune.</subfield></datafield><datafield ind1=" " ind2=" " tag="260"><subfield code="a">Detroit, Mich. :</subfield><subfield code="b">Tribune Print. Co.</subfield></datafield><datafield ind1=" " ind2=" " tag="300"><subfield code="a">v.</subfield></datafield><datafield ind1=" " ind2=" " tag="310"><subfield code="a">Daily</subfield></datafield><datafield ind1="0" ind2=" " tag="362"><subfield code="a">No. 16,455 (May 24, 1887)- ; -70th yr., no. 63 (Aug. 23, 1905).</subfield></datafield><datafield ind1=" " ind2=" " tag="580"><subfield code="a">Sunday issues combined with: Evening news (Detroit, Mich. : 1873), and called: Sunday news=tribune; and: Detroit news=tribune (Detroit, Mich. : 1899).</subfield></datafield><datafield ind1=" " ind2=" " tag="580"><subfield code="a">Other eds. available: Detroit weekly tribune (Detroit, Mich. : 1891); and: Detroit triweekly tribune &lt;title uncertain&gt;.</subfield></datafield><datafield ind1=" " ind2=" " tag="580"><subfield code="a">Merged with: Evening news (Detroit, Mich.), to form: Detroit news (Detroit, Mich. : 1905).</subfield></datafield><datafield ind1=" " ind2="0" tag="651"><subfield code="a">Detroit (Mich.)</subfield><subfield code="v">Newspapers.</subfield></datafield><datafield ind1=" " ind2="0" tag="651"><subfield code="a">Wayne County (Mich.)</subfield><subfield code="v">Newspapers.</subfield></datafield><datafield ind1=" " ind2="7" tag="655"><subfield code="a">Newspapers.</subfield><subfield code="2">fast</subfield><subfield code="0">(OCoLC)fst01423814</subfield></datafield><datafield ind1=" " ind2="7" tag="651"><subfield code="a">Michigan</subfield><subfield code="z">Detroit.</subfield><subfield code="2">fast</subfield><subfield code="0">(OCoLC)fst01205010</subfield></datafield><datafield ind1=" " ind2="7" tag="651"><subfield code="a">Michigan</subfield><subfield code="z">Wayne County.</subfield><subfield code="2">fast</subfield><subfield code="0">(OCoLC)fst01206628</subfield></datafield><datafield ind1=" " ind2=" " tag="752"><subfield code="a">United States</subfield><subfield code="b">Michigan</subfield><subfield code="c">Wayne</subfield><subfield code="d">Detroit.</subfield></datafield><datafield ind1="1" ind2=" " tag="775"><subfield code="t">Sunday news=tribune</subfield><subfield code="w">(DLC)sn 96076546</subfield><subfield code="w">(OCoLC)34374569</subfield></datafield><datafield ind1="1" ind2=" " tag="775"><subfield code="t">Detroit news-tribune (Detroit, Mich. : 1899)</subfield><subfield code="w">(DLC)sn 96076545</subfield><subfield code="w">(OCoLC)34374452</subfield></datafield><datafield ind1="1" ind2=" " tag="775"><subfield code="t">Detroit weekly tribune (Detroit, Mich. : 1891)</subfield><subfield code="w">(DLC)sn 84024256</subfield><subfield code="w">(OCoLC)10978746</subfield></datafield><datafield ind1="1" ind2=" " tag="775"><subfield code="t">Detroit triweekly tribune</subfield></datafield><datafield ind1="0" ind2="0" tag="780"><subfield code="t">Detroit morning tribune</subfield><subfield code="w">(DLC)sn 96076533</subfield><subfield code="w">(OCoLC)34581772</subfield></datafield><datafield ind1="1" ind2="7" tag="785"><subfield code="t">Evening news (Detroit, Mich. : 1873)</subfield><subfield code="w">(DLC)sn 83016663</subfield><subfield code="w">(OCoLC)9974027</subfield></datafield><datafield ind1="1" ind2="7" tag="785"><subfield code="t">Detroit news (Detroit, Mich. : 1905)</subfield><subfield code="x">1055-2715</subfield><subfield code="w">(DLC)sn 83016183</subfield><subfield code="w">(OCoLC)9611687</subfield></datafield></record>